34100000         215594050000111                    04459 000000017600 6TRACY INFORMATICA LTDA - ME   BANCO ITAU S.A.                         205072012163917000004040                                                                          
34100011T0100030 2015594050000111                    04459 000000017600 6TRACY INFORMATICA LTDA - ME                                                                                   000000040507201205072012                                 
3410001300001T 0204459000000001760006109000000050        09999999996     01072012000000000020000000001255                         000000000000000000SERGIO OLIVEIRA CAMPOS                  000000000000000000000035000000000                   
3410001300002U 020000000000000000000000000000000000000000000000000000000000000000000000000000000000000000000000000000000000000000000000000507201200000000000000000000000000000000000                              00000000000000000000000       
3410001300003T 0204459000000001760006109900000044        09999999997     30062012000000000010000000001255                         000000000000000000DAVI OLIVEIRA CAMPOS                    000000000000000000000035000000000                   
3410001300004U 020000000000000000000000000000000000000000000000000000000000000000000000000000000000000000000000000000000000000000000000000507201200000000000000000000000000000000000                              00000000000000000000000       
34100015         00000600000200000000000030000000000000000000000000000000000000000000000000000000000000000000000000MT05/07S                                                                                                                     
34199999         000001000008                                                                                                                                                                                                                   
